<?xml version="1.0" encoding="UTF-8"?><record xmlns="http://www.loc.gov/MARC21/slim" xmlns:cinclude="http://apache.org/cocoon/include/1.0" xmlns:zs="http://www.loc.gov/zing/srw/">
  <leader>00696nz  a2200145n  4500</leader>
  <controlfield tag="001">no2005116287</controlfield>
  <controlfield tag="003">DLC</controlfield>
  <controlfield tag="005">20051209051852.0</controlfield>
  <controlfield tag="008">051207n| acannaabn          |a ana     c</controlfield>
  <datafield tag="010" ind1=" " ind2=" ">
    <subfield code="a">no2005116287</subfield>
  </datafield>
  <datafield tag="035" ind1=" " ind2=" ">
    <subfield code="a">(OCoLC)oca06801905</subfield>
  </datafield>
  <datafield tag="040" ind1=" " ind2=" ">
    <subfield code="a">DHMM</subfield>
    <subfield code="b">eng</subfield>
    <subfield code="c">DHMM</subfield>
  </datafield>
  <datafield tag="110" ind1="2" ind2=" ">
    <subfield code="a">Maria-Theresia-Schule Augsburg</subfield>
  </datafield>
  <datafield tag="510" ind1="2" ind2=" ">
    <subfield code="a">Maria-Theresia-Gymnasium (Augsburg, Germany)</subfield>
  </datafield>
  <datafield tag="670" ind1=" " ind2=" ">
    <subfield code="a">"Spuren" : die juĚdischen SchuĚlerinnen und die Zeit des Nationalsozialismus an der Maria-Theresia-Schule Augsburg : ein Bericht der Projektgruppe "Spurensuche" des Maria-Theresia-Gymnasiums, c2005:</subfield>
    <subfield code="b">p. 5 (Maria-Theresia-Gymnasium evolved progressively from a reorganization of the Maria-Theresia-Schule Augsburg after WWII)</subfield>
  </datafield>
</record>